<?xml version="1.0" encoding="UTF-8"?><record xmlns="http://www.loc.gov/MARC21/slim" xmlns:cinclude="http://apache.org/cocoon/include/1.0" xmlns:zs="http://www.loc.gov/zing/srw/">
  <leader>00447nz  a2200133n  4500</leader>
  <controlfield tag="001">nb2008011194</controlfield>
  <controlfield tag="003">DLC</controlfield>
  <controlfield tag="005">20080524075129.0</controlfield>
  <controlfield tag="008">080522n| acannaabn          |n aaa      </controlfield>
  <datafield tag="010" ind1=" " ind2=" ">
    <subfield code="a">nb2008011194</subfield>
  </datafield>
  <datafield tag="035" ind1=" " ind2=" ">
    <subfield code="a">(Uk)007127561</subfield>
  </datafield>
  <datafield tag="040" ind1=" " ind2=" ">
    <subfield code="a">Uk</subfield>
    <subfield code="b">eng</subfield>
    <subfield code="c">Uk</subfield>
  </datafield>
  <datafield tag="100" ind1="1" ind2=" ">
    <subfield code="a">Schmidt, Paul,</subfield>
    <subfield code="d">1900-1973</subfield>
  </datafield>
  <datafield tag="670" ind1=" " ind2=" ">
    <subfield code="a">Kriegswirklichkeit und Soldatenalltag waĚhrend des Zweiten Weltkriegs in Nordnorwegen, c2006:</subfield>
    <subfield code="b">t.p. (Paul Schmidt) back cover (Paul Schmidt, 1900-1973)</subfield>
  </datafield>
</record>